@FOOTNOTE{Note1,key="Note1",note="This may be because of solution entering the cavity formed between the cell wall and cell membrane."}
@CONTROL{REVTEX42Control}
@CONTROL{apsrev42Control,author="08",editor="1",pages="0",title="0",year="1"}
